<?xml version="1.0" encoding="UTF-8"?>
  <record xmlns="http://www.loc.gov/MARC21/slim" type="Authority">
    <leader>00000nz  a2200000nc 4500</leader>
    <controlfield tag="001">118505254</controlfield>
    <controlfield tag="003">DE-101</controlfield>
    <controlfield tag="005">20220623180645.0</controlfield>
    <controlfield tag="008">880701n||azznnaabn           | aaa    |c</controlfield>
    <datafield tag="024" ind1="7" ind2=" ">
      <subfield code="a">118505254</subfield>
      <subfield code="0">http://d-nb.info/gnd/118505254</subfield>
      <subfield code="2">gnd</subfield>
    </datafield>
    <datafield tag="035" ind1=" " ind2=" ">
      <subfield code="a">(DE-101)118505254</subfield>
    </datafield>
    <datafield tag="035" ind1=" " ind2=" ">
      <subfield code="a">(DE-588)118505254</subfield>
    </datafield>
    <datafield tag="035" ind1=" " ind2=" ">
      <subfield code="z">(DE-588)1089908490</subfield>
    </datafield>
    <datafield tag="035" ind1=" " ind2=" ">
      <subfield code="z">(DE-588a)118505254</subfield>
      <subfield code="9">v:zg</subfield>
    </datafield>
    <datafield tag="035" ind1=" " ind2=" ">
      <subfield code="z">(DE-588c)4004017-3</subfield>
      <subfield code="9">v:zg</subfield>
    </datafield>
    <datafield tag="040" ind1=" " ind2=" ">
      <subfield code="a">DE-101</subfield>
      <subfield code="c">DE-101</subfield>
      <subfield code="9">r:DE-101</subfield>
      <subfield code="b">ger</subfield>
      <subfield code="d">0007</subfield>
      <subfield code="e">rda</subfield>
    </datafield>
    <datafield tag="042" ind1=" " ind2=" ">
      <subfield code="a">gnd1</subfield>
    </datafield>
    <datafield tag="043" ind1=" " ind2=" ">
      <subfield code="c">XB-IR</subfield>
      <subfield code="c">XX</subfield>
    </datafield>
    <datafield tag="065" ind1=" " ind2=" ">
      <subfield code="a">4.7p</subfield>
      <subfield code="2">sswd</subfield>
    </datafield>
    <datafield tag="065" ind1=" " ind2=" ">
      <subfield code="a">27.20p</subfield>
      <subfield code="2">sswd</subfield>
    </datafield>
    <datafield tag="075" ind1=" " ind2=" ">
      <subfield code="b">p</subfield>
      <subfield code="2">gndgen</subfield>
    </datafield>
    <datafield tag="075" ind1=" " ind2=" ">
      <subfield code="b">piz</subfield>
      <subfield code="2">gndspec</subfield>
    </datafield>
    <datafield tag="079" ind1=" " ind2=" ">
      <subfield code="a">g</subfield>
      <subfield code="q">e</subfield>
      <subfield code="q">f</subfield>
      <subfield code="q">n</subfield>
      <subfield code="q">s</subfield>
      <subfield code="u">v</subfield>
      <subfield code="u">w</subfield>
      <subfield code="u">o</subfield>
    </datafield>
    <datafield tag="100" ind1="0" ind2=" ">
      <subfield code="a">Avicenna</subfield>
      <subfield code="d">980-1037</subfield>
    </datafield>
    <datafield tag="375" ind1=" " ind2=" ">
      <subfield code="a">1</subfield>
      <subfield code="2">iso5218</subfield>
    </datafield>
    <datafield tag="400" ind1="1" ind2=" ">
      <subfield code="a">Ibn-Sīnā, Abū-ʿAlī al-Ḥusain Ibn-ʿAbdallāh</subfield>
      <subfield code="d">980-1037</subfield>
    </datafield>
    <datafield tag="400" ind1="1" ind2=" ">
      <subfield code="a">Ibn-Sīnā al-Qānūnī, Abū-ʿAlī al-Ḥusain Ibn-ʿAbdallāh</subfield>
      <subfield code="d">980-1037</subfield>
      <subfield code="9">v:Brockelmann</subfield>
    </datafield>
    <datafield tag="400" ind1="0" ind2=" ">
      <subfield code="a">Abū-ʿAlī al-Ḥusain Ibn-ʿAbdallāh Ibn-Sīnā al-Qānūnī</subfield>
      <subfield code="d">980-1037</subfield>
    </datafield>
    <datafield tag="400" ind1="0" ind2=" ">
      <subfield code="a">al-Ḥusain Ibn-ʿAbdallāh Ibn-Sīnā al-Qānūnī</subfield>
      <subfield code="d">980-1037</subfield>
    </datafield>
    <datafield tag="400" ind1="0" ind2=" ">
      <subfield code="a">Ḥusain Ibn-ʿAbdallāh Ibn-Sīnā al-Qānūnī &#152;al-&#156;</subfield>
      <subfield code="d">980-1037</subfield>
    </datafield>
    <datafield tag="400" ind1="1" ind2=" ">
      <subfield code="a">Ibn-Sīnā al-Qānūnī, al-Ḥusain Ibn-ʿAbdallāh</subfield>
      <subfield code="d">980-1037</subfield>
    </datafield>
    <datafield tag="400" ind1="1" ind2=" ">
      <subfield code="a">Ibn-Sīnā al-Qānūnī, Abū-ʿAlī al-Ḥasan Ibn-ʿAbdallāh</subfield>
      <subfield code="d">980-1037</subfield>
    </datafield>
    <datafield tag="400" ind1="0" ind2=" ">
      <subfield code="a">Abū-ʿAlī al-Ḥasan Ibn-ʿAbdallāh Ibn-Sīnā al-Qānūnī</subfield>
      <subfield code="d">980-1037</subfield>
    </datafield>
    <datafield tag="400" ind1="0" ind2=" ">
      <subfield code="a">al-Ḥasan Ibn-ʿAbdallāh Ibn-Sīnā al-Qānūnī</subfield>
      <subfield code="d">980-1037</subfield>
    </datafield>
    <datafield tag="400" ind1="0" ind2=" ">
      <subfield code="a">Ḥasan Ibn-ʿAbdallāh Ibn-Sīnā al-Qānūnī &#152;al-&#156;</subfield>
      <subfield code="d">980-1037</subfield>
    </datafield>
    <datafield tag="400" ind1="1" ind2=" ">
      <subfield code="a">Ibn-Sīnā al-Qānūnī, al-Ḥasan Ibn-ʿAbdallāh</subfield>
      <subfield code="d">980-1037</subfield>
    </datafield>
    <datafield tag="400" ind1="1" ind2=" ">
      <subfield code="a">Ibn Sīnā, Abū-ʿAlī al-Ḥusain Ibn-ʿAbdallāh</subfield>
      <subfield code="d">980-1037</subfield>
      <subfield code="9">v:Sezgin</subfield>
    </datafield>
    <datafield tag="400" ind1="0" ind2=" ">
      <subfield code="a">Abū-ʿAlī al-Ḥusain Ibn-ʿAbdallāh Ibn-Sīnā</subfield>
      <subfield code="d">980-1037</subfield>
    </datafield>
    <datafield tag="400" ind1="1" ind2=" ">
      <subfield code="a">Ibn Sīnā, al-Ḥusain Ibn-ʿAbdallāh</subfield>
      <subfield code="d">980-1037</subfield>
    </datafield>
    <datafield tag="400" ind1="0" ind2=" ">
      <subfield code="a">al-Ḥusain Ibn-ʿAbdallāh Ibn-Sīnā</subfield>
      <subfield code="d">980-1037</subfield>
    </datafield>
    <datafield tag="400" ind1="0" ind2=" ">
      <subfield code="a">Ḥusain Ibn-ʿAbdallāh Ibn-Sīnā &#152;al-&#156;</subfield>
      <subfield code="d">980-1037</subfield>
    </datafield>
    <datafield tag="400" ind1="0" ind2=" ">
      <subfield code="a">Raʾīs Ibn-Sīnā &#152;ar-&#156;</subfield>
      <subfield code="d">980-1037</subfield>
      <subfield code="9">v:az-Ziriklī</subfield>
    </datafield>
    <datafield tag="400" ind1="0" ind2=" ">
      <subfield code="a">ar-Raʾīs Ibn-Sīnā</subfield>
      <subfield code="d">980-1037</subfield>
    </datafield>
    <datafield tag="400" ind1="0" ind2=" ">
      <subfield code="a">Šaraf-al-Mulk Abū-ʿAlī al-Ḥusain Ibn-ʿAbdallāh Ibn-Sīnā</subfield>
      <subfield code="d">980-1037</subfield>
    </datafield>
    <datafield tag="400" ind1="1" ind2=" ">
      <subfield code="a">Ibn-Sīnā, Šaraf-al-Mulk Abū-ʿAlī al-Ḥusain Ibn-ʿAbdallāh</subfield>
      <subfield code="d">980-1037</subfield>
    </datafield>
    <datafield tag="400" ind1="1" ind2=" ">
      <subfield code="a">Ibn-Sīnā, al-Ḥusain Ibn-ʿAbdallāh</subfield>
      <subfield code="d">980-1037</subfield>
    </datafield>
    <datafield tag="400" ind1="0" ind2=" ">
      <subfield code="a">Ibn Sīnā</subfield>
      <subfield code="d">980-1037</subfield>
      <subfield code="9">v:Enc. Islam, Meisami</subfield>
    </datafield>
    <datafield tag="400" ind1="0" ind2=" ">
      <subfield code="a">Abu ʿAlī al-Ḥusayn b. ʿAbd Allāh b. Sīnā</subfield>
      <subfield code="d">980-1037</subfield>
    </datafield>
    <datafield tag="400" ind1="0" ind2=" ">
      <subfield code="a">Ḥusain Ibn-Sīnā &#152;al-&#156;</subfield>
      <subfield code="d">980-1037</subfield>
      <subfield code="9">v:Kaḥḥāla</subfield>
    </datafield>
    <datafield tag="400" ind1="0" ind2=" ">
      <subfield code="a">al-Ḥusain Ibn-Sīnā</subfield>
      <subfield code="d">980-1037</subfield>
    </datafield>
    <datafield tag="400" ind1="0" ind2=" ">
      <subfield code="a">Abū-ʿAlī al-Ḥusain Ibn-ʿAbdallāh Ibn-al-Ḥasan Ibn-ʿAlī Ibn-Sīnā aš-Šaiḫ ar-Raʾīs al-Balḫī al-Buḫārī</subfield>
      <subfield code="d">980-1037</subfield>
    </datafield>
    <datafield tag="400" ind1="0" ind2=" ">
      <subfield code="a">al-Ḥusain Ibn-ʿAbdallāh Ibn-al-Ḥasan Ibn-ʿAlī Ibn-Sīnā aš-Šaiḫ ar-Raʾīs al-Balḫī al-Buḫārī</subfield>
      <subfield code="d">980-1037</subfield>
    </datafield>
    <datafield tag="400" ind1="0" ind2=" ">
      <subfield code="a">Ḥusain Ibn-ʿAbdallāh Ibn-al-Ḥasan Ibn-ʿAlī Ibn-Sīnā aš-Šaiḫ ar-Raʾīs al-Balḫī al-Buḫārī &#152;al-&#156;</subfield>
      <subfield code="d">980-1037</subfield>
    </datafield>
    <datafield tag="400" ind1="1" ind2=" ">
      <subfield code="a">Ibn Sīnā, Abū ʿAlī al-Ḥusain ibn ʿAbdallāh</subfield>
      <subfield code="d">980-1037</subfield>
      <subfield code="9">v:Kindler online</subfield>
    </datafield>
    <datafield tag="400" ind1="0" ind2=" ">
      <subfield code="a">Abū ʿAlī al-Ḥusayn ibn ʿAbd Allāh ibn Sīnā</subfield>
      <subfield code="d">980-1037</subfield>
    </datafield>
    <datafield tag="400" ind1="1" ind2=" ">
      <subfield code="a">Ibn Sīnā, Abū ʿAlī al-Ḥusayn ibn ʿAbd Allāh</subfield>
      <subfield code="d">980-1037</subfield>
    </datafield>
    <datafield tag="400" ind1="0" ind2=" ">
      <subfield code="a">Abū ʿAlī Ḥosayn Ebn Sīnā</subfield>
      <subfield code="d">980-1037</subfield>
      <subfield code="9">v:EIr (Lemma allerdings "Avicenna")</subfield>
    </datafield>
    <datafield tag="400" ind1="0" ind2=" ">
      <subfield code="a">Abū-ʿAlī Ḥusain Ibn-Sīnā</subfield>
      <subfield code="d">980-1037</subfield>
    </datafield>
    <datafield tag="400" ind1="1" ind2=" ">
      <subfield code="a">Ibn-Sīnā, Abū-ʿAlī Ḥusain</subfield>
      <subfield code="d">980-1037</subfield>
    </datafield>
    <datafield tag="400" ind1="0" ind2=" ">
      <subfield code="a">Ḥusain Ibn-Sīnā</subfield>
      <subfield code="d">980-1037</subfield>
    </datafield>
    <datafield tag="400" ind1="1" ind2=" ">
      <subfield code="a">Ibn-Sīnā, Ḥusain</subfield>
      <subfield code="d">980-1037</subfield>
    </datafield>
    <datafield tag="400" ind1="0" ind2=" ">
      <subfield code="a">Abū-ʿAlī Ibn-Sīnā</subfield>
      <subfield code="d">980-1037</subfield>
      <subfield code="9">v:Dihḫudā</subfield>
    </datafield>
    <datafield tag="400" ind1="0" ind2=" ">
      <subfield code="a">Ḥusain Ibn-ʿAbdallāh Ibn-Ḥasan Ibn-ʿAlī Ibn-Sīnā Ḥuǧǧat-al-Ḥaqq Šaraf-al-Mulk</subfield>
      <subfield code="d">980-1037</subfield>
    </datafield>
    <datafield tag="400" ind1="0" ind2=" ">
      <subfield code="a">Abū-ʿAlī Ḥusain Ibn-ʿAbdallāh Ibn-Ḥasan Ibn-ʿAlī Ibn-Sīnā Ḥuǧǧat-al-Ḥaqq Šaraf-al-Mulk</subfield>
      <subfield code="d">980-1037</subfield>
    </datafield>
    <datafield tag="400" ind1="0" ind2=" ">
      <subfield code="a">Ibn-Sīnā</subfield>
      <subfield code="d">980-1037</subfield>
      <subfield code="9">v:Muʿīn</subfield>
    </datafield>
    <datafield tag="400" ind1="0" ind2=" ">
      <subfield code="a">Ebn-e Sīnā</subfield>
      <subfield code="d">980-1037</subfield>
    </datafield>
    <datafield tag="400" ind1="0" ind2=" ">
      <subfield code="a">ar-Raʾīs Ḥuǧǧat-al-Ḥaqq Šaraf-al-Mulk Imām-al-Ḥukamāʾ Abū ʿAlī Ḥusain Ibn-ʿAbdallāh Ibn-Ḥasan Ibn-ʿAlī</subfield>
      <subfield code="d">980-1037</subfield>
    </datafield>
    <datafield tag="400" ind1="0" ind2=" ">
      <subfield code="a">Raʾīs Ḥuǧǧat-al-Ḥaqq Šaraf-al-Mulk Imām-al-Ḥukamāʾ Abū ʿAlī Ḥusain Ibn-ʿAbdallāh Ibn-Ḥasan Ibn-ʿAlī &#152;ar-&#156;</subfield>
      <subfield code="d">980-1037</subfield>
    </datafield>
    <datafield tag="400" ind1="1" ind2=" ">
      <subfield code="a">Ibn Sīnā, Abū-ʿAlī</subfield>
      <subfield code="d">980-1037</subfield>
      <subfield code="9">v:Rypka</subfield>
    </datafield>
    <datafield tag="400" ind1="0" ind2=" ">
      <subfield code="a">Abū-ʿAlī Ibn Sīnā</subfield>
      <subfield code="d">980-1037</subfield>
    </datafield>
    <datafield tag="400" ind1="1" ind2=" ">
      <subfield code="a">Ibn Sina, Abu ʿAli al-Husayn</subfield>
      <subfield code="d">980-1037</subfield>
      <subfield code="9">v:REP</subfield>
    </datafield>
    <datafield tag="400" ind1="1" ind2=" ">
      <subfield code="a">Ibn-Sīnā, Abū-ʿAlī al-Ḥusain</subfield>
      <subfield code="d">980-1037</subfield>
    </datafield>
    <datafield tag="400" ind1="1" ind2=" ">
      <subfield code="a">Ibn-Sīnā, Ḥusain Ibn-ʿAbdallāh</subfield>
      <subfield code="d">980-1037</subfield>
      <subfield code="9">v:Kitābḫāna-i Millī</subfield>
    </datafield>
    <datafield tag="400" ind1="1" ind2=" ">
      <subfield code="a">Ibn-Sīnā, ʿAli</subfield>
      <subfield code="d">980-1037</subfield>
    </datafield>
    <datafield tag="400" ind1="0" ind2=" ">
      <subfield code="a">Ibn-Syna</subfield>
      <subfield code="d">980-1037</subfield>
    </datafield>
    <datafield tag="400" ind1="0" ind2=" ">
      <subfield code="a">Abitzianus</subfield>
      <subfield code="d">980-1037</subfield>
    </datafield>
    <datafield tag="400" ind1="1" ind2=" ">
      <subfield code="a">Ibn-Sīnā, al-Husain ʿibn-ʿAbdallāh</subfield>
      <subfield code="d">980-1037</subfield>
    </datafield>
    <datafield tag="400" ind1="0" ind2=" ">
      <subfield code="a">Aboali</subfield>
      <subfield code="c">Abinscenus</subfield>
      <subfield code="d">980-1037</subfield>
    </datafield>
    <datafield tag="400" ind1="0" ind2=" ">
      <subfield code="a">Abohali</subfield>
      <subfield code="c">Abinscenus</subfield>
      <subfield code="d">980-1037</subfield>
    </datafield>
    <datafield tag="400" ind1="0" ind2=" ">
      <subfield code="a">Abu Ali</subfield>
      <subfield code="c">filius Sinae</subfield>
      <subfield code="d">980-1037</subfield>
    </datafield>
    <datafield tag="400" ind1="1" ind2=" ">
      <subfield code="a">Ibn-Sīnā, Abū-ʿAli al-Hussain Ibn-ʿAbdallāh</subfield>
      <subfield code="d">980-1037</subfield>
    </datafield>
    <datafield tag="400" ind1="0" ind2=" ">
      <subfield code="a">Aben Sina</subfield>
      <subfield code="d">980-1037</subfield>
    </datafield>
    <datafield tag="400" ind1="1" ind2=" ">
      <subfield code="a">Ibn-Sīnā al-Qānūnī, Abū-</subfield>
      <subfield code="d">980-1037</subfield>
    </datafield>
    <datafield tag="400" ind1="0" ind2=" ">
      <subfield code="a">Abū-ʿAlī Sīnā</subfield>
      <subfield code="d">980-1037</subfield>
    </datafield>
    <datafield tag="400" ind1="1" ind2=" ">
      <subfield code="a">Sīnā, Abū-ʿAlī</subfield>
      <subfield code="d">980-1037</subfield>
    </datafield>
    <datafield tag="400" ind1="1" ind2=" ">
      <subfield code="a">Bin Sīnā, Abū ʾAlī al-Ḥusain bin ʾAbdullāh</subfield>
      <subfield code="d">980-1037</subfield>
    </datafield>
    <datafield tag="400" ind1="0" ind2=" ">
      <subfield code="a">Avicena</subfield>
      <subfield code="d">980-1037</subfield>
    </datafield>
    <datafield tag="400" ind1="0" ind2=" ">
      <subfield code="a">Pseudo-Avicenna</subfield>
      <subfield code="d">980-1037</subfield>
    </datafield>
    <datafield tag="400" ind1="1" ind2=" ">
      <subfield code="a">Ḥusain ibn 'Abd Allāh, Abū 'Alī</subfield>
      <subfield code="d">980-1037</subfield>
      <subfield code="9">v:(VD-16)</subfield>
    </datafield>
    <datafield tag="400" ind1="0" ind2=" ">
      <subfield code="a">Abū-ʿAlī Ḥusain Ibn-ʿAbdallāh Ibn-Sīnā</subfield>
      <subfield code="d">980-1037</subfield>
    </datafield>
    <datafield tag="400" ind1="0" ind2=" ">
      <subfield code="a">Abūalī Ibni Sino</subfield>
      <subfield code="d">980-1037</subfield>
    </datafield>
    <datafield tag="400" ind1="0" ind2=" ">
      <subfield code="a">Abu Ali Ibn Sina</subfield>
      <subfield code="d">980-1037</subfield>
    </datafield>
    <datafield tag="400" ind1="0" ind2=" ">
      <subfield code="a">Ebû Ali İbn Sîna</subfield>
      <subfield code="d">980-1037</subfield>
    </datafield>
    <datafield tag="400" ind1="0" ind2=" ">
      <subfield code="a">Husain Ibn'Abd Allah</subfield>
      <subfield code="d">980-1037</subfield>
    </datafield>
    <datafield tag="400" ind1="0" ind2=" ">
      <subfield code="a">Ḥusayn Ibn-ʿAbdallāh Ibn-Sīnā</subfield>
      <subfield code="d">980-1037</subfield>
    </datafield>
    <datafield tag="400" ind1="0" ind2=" ">
      <subfield code="a">Ḥusain Ibn ʿAbd-Allāh Ibn Sīnā</subfield>
      <subfield code="d">980-1037</subfield>
    </datafield>
    <datafield tag="400" ind1="1" ind2=" ">
      <subfield code="a">Ibn-Sīnā, Abū-ʿAlī</subfield>
      <subfield code="d">980-1037</subfield>
    </datafield>
    <datafield tag="400" ind1="1" ind2=" ">
      <subfield code="a">Ibn Sina, Abu Ali</subfield>
      <subfield code="d">980-1037</subfield>
    </datafield>
    <datafield tag="400" ind1="1" ind2=" ">
      <subfield code="a">Ibni Sino, Abū Alī</subfield>
      <subfield code="d">980-1037</subfield>
    </datafield>
    <datafield tag="400" ind1="0" ind2=" ">
      <subfield code="a">Ebn-Sina</subfield>
      <subfield code="d">980-1037</subfield>
    </datafield>
    <datafield tag="400" ind1="0" ind2=" ">
      <subfield code="a">Abu-Sina</subfield>
      <subfield code="d">980-1037</subfield>
    </datafield>
    <datafield tag="400" ind1="0" ind2=" ">
      <subfield code="a">Aby Ali ibn Sino</subfield>
      <subfield code="d">980-1037</subfield>
    </datafield>
    <datafield tag="400" ind1="1" ind2=" ">
      <subfield code="a">Sino, Aby Ali ibn</subfield>
      <subfield code="d">980-1037</subfield>
    </datafield>
    <datafield tag="400" ind1="0" ind2=" ">
      <subfield code="a">Abu Ali ibn Siny</subfield>
      <subfield code="d">980-1037</subfield>
    </datafield>
    <datafield tag="400" ind1="1" ind2=" ">
      <subfield code="a">Siny, Abu Ali ibn</subfield>
      <subfield code="d">980-1037</subfield>
    </datafield>
    <datafield tag="400" ind1="1" ind2=" ">
      <subfield code="a">Ḥusain Ibn-ʿAbdallāh Ibn-Sīnā, al-</subfield>
      <subfield code="d">980-1037</subfield>
    </datafield>
    <datafield tag="400" ind1="1" ind2=" ">
      <subfield code="a">Ḥusayn Ibn ʿAbd Allāh Ibn Sīnā, al-</subfield>
      <subfield code="d">980-1037</subfield>
    </datafield>
    <datafield tag="400" ind1="0" ind2=" ">
      <subfield code="a">İbn Sînâ</subfield>
      <subfield code="d">980-1037</subfield>
    </datafield>
    <datafield tag="400" ind1="0" ind2=" ">
      <subfield code="a">Avicenne</subfield>
      <subfield code="d">980-1037</subfield>
    </datafield>
    <datafield tag="400" ind1="0" ind2=" ">
      <subfield code="a">Ibn Sina</subfield>
      <subfield code="d">980-1037</subfield>
    </datafield>
    <datafield tag="400" ind1="0" ind2=" ">
      <subfield code="a">Abitianus</subfield>
      <subfield code="d">980-1037</subfield>
    </datafield>
    <datafield tag="400" ind1="1" ind2=" ">
      <subfield code="a">Husain Ibnabdallah, A.</subfield>
      <subfield code="d">980-1037</subfield>
    </datafield>
    <datafield tag="400" ind1="1" ind2=" ">
      <subfield code="a">Alhosayn Ibnsina, A.</subfield>
      <subfield code="d">980-1037</subfield>
    </datafield>
    <datafield tag="400" ind1="1" ind2=" ">
      <subfield code="a">Ibn Sīnā, Abū ʿAlī al-Ḥusain Ibn ʿAbdallāh</subfield>
      <subfield code="d">980-1037</subfield>
    </datafield>
    <datafield tag="400" ind1="0" ind2=" ">
      <subfield code="a">Avicenna Latinus</subfield>
      <subfield code="d">980-1037</subfield>
    </datafield>
    <datafield tag="400" ind1="0" ind2=" ">
      <subfield code="a">ʿAlī Ibn Sīnā</subfield>
      <subfield code="d">980-1037</subfield>
    </datafield>
    <datafield tag="400" ind1="0" ind2=" ">
      <subfield code="a">Abū ʿAlī Ibn Sīnā</subfield>
      <subfield code="d">980-1037</subfield>
    </datafield>
    <datafield tag="400" ind1="0" ind2=" ">
      <subfield code="a">Abū ʿAlī-i Sīnā</subfield>
      <subfield code="d">980-1037</subfield>
    </datafield>
    <datafield tag="400" ind1="1" ind2=" ">
      <subfield code="a">Husain Ibn ʿAbdallāh Ibn Sīnā, Abū ʿAlī</subfield>
      <subfield code="d">980-1037</subfield>
    </datafield>
    <datafield tag="400" ind1="1" ind2=" ">
      <subfield code="a">al-Ḥusayn Ibn ʿAbdallāh Ibn Sīnā, Abū ʿAlī &#152;al-&#156;</subfield>
      <subfield code="d">980-1037</subfield>
    </datafield>
    <datafield tag="400" ind1="0" ind2=" ">
      <subfield code="a">Bū ʿAlī-i Sīnā</subfield>
      <subfield code="d">980-1037</subfield>
    </datafield>
    <datafield tag="400" ind1="0" ind2=" ">
      <subfield code="a">Abū ʿAlī al-Ḥusayn Ibn ʿAbdallāh Ibn Sīnā</subfield>
      <subfield code="d">980-1037</subfield>
    </datafield>
    <datafield tag="400" ind1="0" ind2=" ">
      <subfield code="a">Ebn Ali el-Hüseyin İbn Sina</subfield>
      <subfield code="d">980-1037</subfield>
    </datafield>
    <datafield tag="400" ind1="0" ind2=" ">
      <subfield code="a">Ebn Ali el-Hüseyin İbn Sina el-Buharî</subfield>
      <subfield code="d">980-1037</subfield>
    </datafield>
    <datafield tag="400" ind1="1" ind2=" ">
      <subfield code="a">İbn Sina el-Buharî, Ebn Ali el-Hüseyin</subfield>
      <subfield code="d">980-1037</subfield>
    </datafield>
    <datafield tag="400" ind1="0" ind2=" ">
      <subfield code="a">Äbu Äli Ibn Sina</subfield>
      <subfield code="d">980-1037</subfield>
      <subfield code="9">v:Uigur.</subfield>
    </datafield>
    <datafield tag="400" ind1="1" ind2=" ">
      <subfield code="a">Ibn Sina, Äbu Äli</subfield>
      <subfield code="d">980-1037</subfield>
      <subfield code="9">v:Uigur.</subfield>
    </datafield>
    <datafield tag="400" ind1="0" ind2=" ">
      <subfield code="a">Aibuaili Aweisenna</subfield>
      <subfield code="d">980-1037</subfield>
      <subfield code="9">v:Chines.</subfield>
    </datafield>
    <datafield tag="400" ind1="1" ind2=" ">
      <subfield code="a">Aweisenna, Aibuaili</subfield>
      <subfield code="d">980-1037</subfield>
      <subfield code="9">v:Chines.</subfield>
    </datafield>
    <datafield tag="400" ind1="1" ind2=" ">
      <subfield code="a">Ibn Sino, Abu Ali</subfield>
      <subfield code="d">980-1037</subfield>
    </datafield>
    <datafield tag="400" ind1="1" ind2=" ">
      <subfield code="a">Ibn Sino, Abuali</subfield>
      <subfield code="d">980-1037</subfield>
    </datafield>
    <datafield tag="400" ind1="1" ind2=" ">
      <subfield code="a">Ibni Sino, Abūalī</subfield>
      <subfield code="d">980-1037</subfield>
    </datafield>
    <datafield tag="400" ind1="0" ind2=" ">
      <subfield code="a">Vibn Sina</subfield>
      <subfield code="d">980-1037</subfield>
      <subfield code="9">v:uigur.</subfield>
    </datafield>
    <datafield tag="400" ind1="0" ind2=" ">
      <subfield code="a">Aweisenna</subfield>
      <subfield code="d">980-1037</subfield>
      <subfield code="9">v:chines.</subfield>
    </datafield>
    <datafield tag="400" ind1="0" ind2=" ">
      <subfield code="9">U:Arab</subfield>
      <subfield code="9">L:ara</subfield>
      <subfield code="a">رئيس ابن سينا &#152;ال&#156;</subfield>
      <subfield code="d">980-1037</subfield>
      <subfield code="9">v:az-Ziriklī</subfield>
    </datafield>
    <datafield tag="400" ind1="0" ind2=" ">
      <subfield code="9">U:Arab</subfield>
      <subfield code="9">L:ara</subfield>
      <subfield code="a">الرئيس ابن سينا</subfield>
      <subfield code="d">980-1037</subfield>
    </datafield>
    <datafield tag="400" ind1="0" ind2=" ">
      <subfield code="9">U:Arab</subfield>
      <subfield code="9">L:ara</subfield>
      <subfield code="a">شرف الملك أبو علي الحسين بن عبد الله بن سينا</subfield>
      <subfield code="d">980-1037</subfield>
    </datafield>
    <datafield tag="400" ind1="0" ind2=" ">
      <subfield code="9">U:Arab</subfield>
      <subfield code="9">L:ara</subfield>
      <subfield code="a">أبو علي الحسين بن عبد الله بن سينا</subfield>
      <subfield code="d">980-1037</subfield>
    </datafield>
    <datafield tag="400" ind1="0" ind2=" ">
      <subfield code="9">U:Arab</subfield>
      <subfield code="9">L:ara</subfield>
      <subfield code="a">حسين بن عبد الله بن سينا &#152;ال&#156;</subfield>
      <subfield code="d">980-1037</subfield>
    </datafield>
    <datafield tag="400" ind1="0" ind2=" ">
      <subfield code="9">U:Arab</subfield>
      <subfield code="9">L:ara</subfield>
      <subfield code="a">الحسين بن عبد الله بن سينا</subfield>
      <subfield code="d">980-1037</subfield>
    </datafield>
    <datafield tag="400" ind1="1" ind2=" ">
      <subfield code="9">U:Arab</subfield>
      <subfield code="9">L:ara</subfield>
      <subfield code="a">ابن سينا, شرف الملك أبو علي الحسين بن عبد الله</subfield>
      <subfield code="d">980-1037</subfield>
    </datafield>
    <datafield tag="400" ind1="1" ind2=" ">
      <subfield code="9">U:Arab</subfield>
      <subfield code="9">L:ara</subfield>
      <subfield code="a">ابن سينا, أبو علي الحسين بن عبد الله</subfield>
      <subfield code="d">980-1037</subfield>
    </datafield>
    <datafield tag="400" ind1="1" ind2=" ">
      <subfield code="9">U:Arab</subfield>
      <subfield code="9">L:ara</subfield>
      <subfield code="a">ابن سينا, الحسين بن عبد الله</subfield>
      <subfield code="d">980-1037</subfield>
    </datafield>
    <datafield tag="400" ind1="0" ind2=" ">
      <subfield code="9">U:Arab</subfield>
      <subfield code="9">L:ara</subfield>
      <subfield code="a">حسين بن سينا &#152;ال&#156;</subfield>
      <subfield code="d">980-1037</subfield>
      <subfield code="9">v:Kaḥḥāla</subfield>
    </datafield>
    <datafield tag="400" ind1="0" ind2=" ">
      <subfield code="9">U:Arab</subfield>
      <subfield code="9">L:ara</subfield>
      <subfield code="a">الحسين بن سينا</subfield>
      <subfield code="d">980-1037</subfield>
    </datafield>
    <datafield tag="400" ind1="0" ind2=" ">
      <subfield code="9">U:Arab</subfield>
      <subfield code="9">L:ara</subfield>
      <subfield code="a">أبو علي الحسين بن عبد الله بن الحسن بن علي بن سينا الشيخ الرئيس البلخي البخاري</subfield>
      <subfield code="d">980-1037</subfield>
    </datafield>
    <datafield tag="400" ind1="0" ind2=" ">
      <subfield code="9">U:Arab</subfield>
      <subfield code="9">L:ara</subfield>
      <subfield code="a">حسين بن عبد الله بن الحسن بن علي بن سينا الشيخ الرئيس البلخي البخاري &#152;ال&#156;</subfield>
      <subfield code="d">980-1037</subfield>
    </datafield>
    <datafield tag="400" ind1="0" ind2=" ">
      <subfield code="9">U:Arab</subfield>
      <subfield code="9">L:ara</subfield>
      <subfield code="a">الحسين بن عبد الله بن الحسن بن علي بن سينا الشيخ الرئيس البلخي البخاري</subfield>
      <subfield code="d">980-1037</subfield>
    </datafield>
    <datafield tag="400" ind1="0" ind2=" ">
      <subfield code="9">U:Arab</subfield>
      <subfield code="9">L:per</subfield>
      <subfield code="a">ابو علی حسین بن سینا</subfield>
      <subfield code="d">980-1037</subfield>
    </datafield>
    <datafield tag="400" ind1="1" ind2=" ">
      <subfield code="9">U:Arab</subfield>
      <subfield code="9">L:per</subfield>
      <subfield code="a">ابن سینا, ابو علی حسین</subfield>
      <subfield code="d">980-1037</subfield>
    </datafield>
    <datafield tag="400" ind1="0" ind2=" ">
      <subfield code="9">U:Arab</subfield>
      <subfield code="9">L:per</subfield>
      <subfield code="a">حسین بن سینا</subfield>
      <subfield code="d">980-1037</subfield>
    </datafield>
    <datafield tag="400" ind1="1" ind2=" ">
      <subfield code="9">U:Arab</subfield>
      <subfield code="9">L:per</subfield>
      <subfield code="a">ابن سینا, حسین</subfield>
      <subfield code="d">980-1037</subfield>
    </datafield>
    <datafield tag="400" ind1="0" ind2=" ">
      <subfield code="9">U:Arab</subfield>
      <subfield code="9">L:per</subfield>
      <subfield code="a">ابو علی بن سینا</subfield>
      <subfield code="d">980-1037</subfield>
      <subfield code="9">v:Dihḫudā</subfield>
    </datafield>
    <datafield tag="400" ind1="0" ind2=" ">
      <subfield code="9">U:Arab</subfield>
      <subfield code="9">L:per</subfield>
      <subfield code="a">ابو‌علی بن سینا</subfield>
      <subfield code="d">980-1037</subfield>
    </datafield>
    <datafield tag="400" ind1="0" ind2=" ">
      <subfield code="9">U:Arab</subfield>
      <subfield code="9">L:per</subfield>
      <subfield code="a">حسین بن عبد الله بن حسن بن علی بن سینا حجة الحق شرف الملک</subfield>
      <subfield code="d">980-1037</subfield>
    </datafield>
    <datafield tag="400" ind1="0" ind2=" ">
      <subfield code="9">U:Arab</subfield>
      <subfield code="9">L:per</subfield>
      <subfield code="a">ابو علی حسین بن عبد الله بن حسن بن علی بن سینا حجة الحق شرف الملک</subfield>
      <subfield code="d">980-1037</subfield>
    </datafield>
    <datafield tag="400" ind1="0" ind2=" ">
      <subfield code="9">U:Arab</subfield>
      <subfield code="9">L:per</subfield>
      <subfield code="a">ابو‌علی حسین بن عبد‌الله بن حسن بن علی بن سینا حجة‌الحق شرف الملک</subfield>
      <subfield code="d">980-1037</subfield>
    </datafield>
    <datafield tag="400" ind1="0" ind2=" ">
      <subfield code="9">U:Arab</subfield>
      <subfield code="9">L:per</subfield>
      <subfield code="a">ابن سینا</subfield>
      <subfield code="d">980-1037</subfield>
      <subfield code="9">v:Muʿīn</subfield>
    </datafield>
    <datafield tag="400" ind1="0" ind2=" ">
      <subfield code="9">U:Arab</subfield>
      <subfield code="9">L:per</subfield>
      <subfield code="a">رئیس حجة الحق شرف الملک امام الحکماء ابو علی حسین بن عبد الله بن حسن بن علی &#152;ال&#156;</subfield>
      <subfield code="d">980-1037</subfield>
    </datafield>
    <datafield tag="400" ind1="0" ind2=" ">
      <subfield code="9">U:Arab</subfield>
      <subfield code="9">L:per</subfield>
      <subfield code="a">الرئیس حجة الحق شرف الملک امام الحکماء ابو علی حسین بن عبد الله بن حسن بن علی</subfield>
      <subfield code="d">980-1037</subfield>
    </datafield>
    <datafield tag="400" ind1="1" ind2=" ">
      <subfield code="9">U:Arab</subfield>
      <subfield code="9">L:per</subfield>
      <subfield code="a">ابن سینا, حسین بن عبد الله</subfield>
      <subfield code="d">980-1037</subfield>
      <subfield code="9">v:Kitābḫāna-i Millī</subfield>
    </datafield>
    <datafield tag="400" ind1="1" ind2=" ">
      <subfield code="9">U:Arab</subfield>
      <subfield code="9">L:per</subfield>
      <subfield code="a">ابن سینا, حسین بن عبد‌الله</subfield>
      <subfield code="d">980-1037</subfield>
    </datafield>
    <datafield tag="400" ind1="1" ind2=" ">
      <subfield code="9">U:Arab</subfield>
      <subfield code="9">L:per</subfield>
      <subfield code="a">ابن سینا, ابو علی</subfield>
      <subfield code="d">980-1037</subfield>
    </datafield>
    <datafield tag="400" ind1="1" ind2=" ">
      <subfield code="9">U:Cyrl</subfield>
      <subfield code="9">L:rus</subfield>
      <subfield code="a">Ибн Сина, Абу Али</subfield>
      <subfield code="d">980-1037</subfield>
    </datafield>
    <datafield tag="400" ind1="1" ind2=" ">
      <subfield code="9">U:Cyrl</subfield>
      <subfield code="9">L:rus</subfield>
      <subfield code="a">ибн Сино, Абу Али</subfield>
      <subfield code="d">980-1037</subfield>
    </datafield>
    <datafield tag="400" ind1="1" ind2=" ">
      <subfield code="9">U:Cyrl</subfield>
      <subfield code="9">L:rus</subfield>
      <subfield code="a">ибн Сино, Абуали</subfield>
      <subfield code="d">980-1037</subfield>
    </datafield>
    <datafield tag="400" ind1="1" ind2=" ">
      <subfield code="9">U:Cyrl</subfield>
      <subfield code="9">L:tgk</subfield>
      <subfield code="a">Ибни Сино, Абӯ Алӣ</subfield>
      <subfield code="d">980-1037</subfield>
    </datafield>
    <datafield tag="400" ind1="1" ind2=" ">
      <subfield code="9">U:Cyrl</subfield>
      <subfield code="9">L:tgk</subfield>
      <subfield code="a">Ибни Сино, Абӯалӣ</subfield>
      <subfield code="d">980-1037</subfield>
    </datafield>
    <datafield tag="400" ind1="1" ind2=" ">
      <subfield code="9">U:Arab</subfield>
      <subfield code="9">L:uig</subfield>
      <subfield code="a">ئىبن سىنا, ئەبۇ ئەلى</subfield>
      <subfield code="d">980-1037</subfield>
    </datafield>
    <datafield tag="400" ind1="1" ind2=" ">
      <subfield code="9">U:Hans</subfield>
      <subfield code="a">阿维森纳, 埃布艾里</subfield>
      <subfield code="d">980-1037</subfield>
    </datafield>
    <datafield tag="400" ind1="0" ind2=" ">
      <subfield code="9">U:Hebr</subfield>
      <subfield code="a">אבן סינא</subfield>
      <subfield code="d">980-1037</subfield>
    </datafield>
    <datafield tag="400" ind1="0" ind2=" ">
      <subfield code="9">U:Hans</subfield>
      <subfield code="a">阿维森纳</subfield>
      <subfield code="d">980-1037</subfield>
    </datafield>
    <datafield tag="500" ind1="1" ind2=" ">
      <subfield code="0">(DE-101)123100798</subfield>
      <subfield code="0">(DE-588)123100798</subfield>
      <subfield code="0">https://d-nb.info/gnd/123100798</subfield>
      <subfield code="a">Alpago, Andrea</subfield>
      <subfield code="d">1450-1521</subfield>
      <subfield code="4">beza</subfield>
      <subfield code="4">https://d-nb.info/standards/elementset/gnd#acquaintanceshipOrFriendship</subfield>
      <subfield code="w">r</subfield>
      <subfield code="i">Bekanntschaft</subfield>
      <subfield code="e">Bekanntschaft</subfield>
      <subfield code="9">v:VD-16 Mitverf.</subfield>
    </datafield>
    <datafield tag="500" ind1="0" ind2=" ">
      <subfield code="0">(DE-101)119609029</subfield>
      <subfield code="0">(DE-588)119609029</subfield>
      <subfield code="0">https://d-nb.info/gnd/119609029</subfield>
      <subfield code="a">Armegandus Blasii</subfield>
      <subfield code="4">beza</subfield>
      <subfield code="4">https://d-nb.info/standards/elementset/gnd#acquaintanceshipOrFriendship</subfield>
      <subfield code="w">r</subfield>
      <subfield code="i">Bekanntschaft</subfield>
      <subfield code="e">Bekanntschaft</subfield>
      <subfield code="9">v:VD-16 Mitverf.</subfield>
    </datafield>
    <datafield tag="500" ind1="0" ind2=" ">
      <subfield code="a">Gerardus Toletanus</subfield>
      <subfield code="4">beza</subfield>
      <subfield code="4">https://d-nb.info/standards/elementset/gnd#acquaintanceshipOrFriendship</subfield>
      <subfield code="w">r</subfield>
      <subfield code="i">Bekanntschaft</subfield>
      <subfield code="e">Bekanntschaft</subfield>
      <subfield code="9">v:VD-16 Mitverf.</subfield>
    </datafield>
    <datafield tag="500" ind1="1" ind2=" ">
      <subfield code="a">Hermann, Johannes</subfield>
      <subfield code="4">beza</subfield>
      <subfield code="4">https://d-nb.info/standards/elementset/gnd#acquaintanceshipOrFriendship</subfield>
      <subfield code="w">r</subfield>
      <subfield code="i">Bekanntschaft</subfield>
      <subfield code="e">Bekanntschaft</subfield>
      <subfield code="9">v:Nördlingen; VD-16 Mitverf.</subfield>
    </datafield>
    <datafield tag="500" ind1="0" ind2=" ">
      <subfield code="a">Jābir ibn Ḥayyān</subfield>
      <subfield code="4">beza</subfield>
      <subfield code="4">https://d-nb.info/standards/elementset/gnd#acquaintanceshipOrFriendship</subfield>
      <subfield code="w">r</subfield>
      <subfield code="i">Bekanntschaft</subfield>
      <subfield code="e">Bekanntschaft</subfield>
      <subfield code="9">v:VD-16 Mitverf.</subfield>
    </datafield>
    <datafield tag="500" ind1="1" ind2=" ">
      <subfield code="0">(DE-101)119752476</subfield>
      <subfield code="0">(DE-588)119752476</subfield>
      <subfield code="0">https://d-nb.info/gnd/119752476</subfield>
      <subfield code="a">Mantino, Jacob</subfield>
      <subfield code="d">-1549</subfield>
      <subfield code="4">beza</subfield>
      <subfield code="4">https://d-nb.info/standards/elementset/gnd#acquaintanceshipOrFriendship</subfield>
      <subfield code="w">r</subfield>
      <subfield code="i">Bekanntschaft</subfield>
      <subfield code="e">Bekanntschaft</subfield>
      <subfield code="9">v:VD-16 Mitverf.</subfield>
    </datafield>
    <datafield tag="500" ind1="1" ind2=" ">
      <subfield code="a">Rinio, Benedetto</subfield>
      <subfield code="4">beza</subfield>
      <subfield code="4">https://d-nb.info/standards/elementset/gnd#acquaintanceshipOrFriendship</subfield>
      <subfield code="w">r</subfield>
      <subfield code="i">Bekanntschaft</subfield>
      <subfield code="e">Bekanntschaft</subfield>
      <subfield code="9">v:VD-16 Mitverf.</subfield>
    </datafield>
    <datafield tag="500" ind1="0" ind2=" ">
      <subfield code="0">(DE-101)119807602</subfield>
      <subfield code="0">(DE-588)119807602</subfield>
      <subfield code="0">https://d-nb.info/gnd/119807602</subfield>
      <subfield code="a">Rodogerus Hispalensis</subfield>
      <subfield code="4">beza</subfield>
      <subfield code="4">https://d-nb.info/standards/elementset/gnd#acquaintanceshipOrFriendship</subfield>
      <subfield code="w">r</subfield>
      <subfield code="i">Bekanntschaft</subfield>
      <subfield code="e">Bekanntschaft</subfield>
      <subfield code="9">v:VD-16 Mitverf.</subfield>
    </datafield>
    <datafield tag="500" ind1="1" ind2=" ">
      <subfield code="a">Celsi, Mino</subfield>
      <subfield code="4">beza</subfield>
      <subfield code="4">https://d-nb.info/standards/elementset/gnd#acquaintanceshipOrFriendship</subfield>
      <subfield code="w">r</subfield>
      <subfield code="i">Bekanntschaft</subfield>
      <subfield code="e">Bekanntschaft</subfield>
      <subfield code="9">v:VD-16 Mitverf.</subfield>
    </datafield>
    <datafield tag="500" ind1="1" ind2=" ">
      <subfield code="a">Herwagen, Johannes</subfield>
      <subfield code="c">der Ältere</subfield>
      <subfield code="4">beza</subfield>
      <subfield code="4">https://d-nb.info/standards/elementset/gnd#acquaintanceshipOrFriendship</subfield>
      <subfield code="w">r</subfield>
      <subfield code="i">Bekanntschaft</subfield>
      <subfield code="e">Bekanntschaft</subfield>
      <subfield code="9">v:VD-16 Mitverf.</subfield>
    </datafield>
    <datafield tag="548" ind1=" " ind2=" ">
      <subfield code="a">980-1037</subfield>
      <subfield code="4">datl</subfield>
      <subfield code="4">https://d-nb.info/standards/elementset/gnd#dateOfBirthAndDeath</subfield>
      <subfield code="w">r</subfield>
      <subfield code="i">Lebensdaten</subfield>
      <subfield code="9">v:Todesjahr 428/1037 (einheitlich); Geburtsjahr hauptsächlich als 370/980 angegeben (Brockelmann, az-Ziriklī, Enc. Islam, Kaḥḥāla, Muʿīn, Rypka, REP, LCAuth, Kitābḫāna-i Millī), doch sei er wohl (ein paar Jahre) vor 370/980 geboren worden (Kindler online, Meisami, EIr), Dihḫudā nennt das Geburtsjahr 363 h.q. [973 oder 974]</subfield>
    </datafield>
    <datafield tag="550" ind1=" " ind2=" ">
      <subfield code="0">(DE-101)040457907</subfield>
      <subfield code="0">(DE-588)4045790-4</subfield>
      <subfield code="0">https://d-nb.info/gnd/4045790-4</subfield>
      <subfield code="a">Philosoph</subfield>
      <subfield code="4">berc</subfield>
      <subfield code="4">https://d-nb.info/standards/elementset/gnd#professionOrOccupation</subfield>
      <subfield code="w">r</subfield>
      <subfield code="i">Charakteristischer Beruf</subfield>
    </datafield>
    <datafield tag="550" ind1=" " ind2=" ">
      <subfield code="0">(DE-101)040031578</subfield>
      <subfield code="0">(DE-588)4003157-3</subfield>
      <subfield code="0">https://d-nb.info/gnd/4003157-3</subfield>
      <subfield code="a">Arzt</subfield>
      <subfield code="4">beru</subfield>
      <subfield code="4">https://d-nb.info/standards/elementset/gnd#professionOrOccupation</subfield>
      <subfield code="w">r</subfield>
      <subfield code="i">Beruf</subfield>
    </datafield>
    <datafield tag="550" ind1=" " ind2=" ">
      <subfield code="0">(DE-101)953797732</subfield>
      <subfield code="0">(DE-588)4504156-8</subfield>
      <subfield code="0">https://d-nb.info/gnd/4504156-8</subfield>
      <subfield code="a">Polyhistor</subfield>
      <subfield code="4">beru</subfield>
      <subfield code="4">https://d-nb.info/standards/elementset/gnd#professionOrOccupation</subfield>
      <subfield code="w">r</subfield>
      <subfield code="i">Beruf</subfield>
    </datafield>
    <datafield tag="551" ind1=" " ind2=" ">
      <subfield code="a">Afšana</subfield>
      <subfield code="4">ortg</subfield>
      <subfield code="4">https://d-nb.info/standards/elementset/gnd#placeOfBirth</subfield>
      <subfield code="w">r</subfield>
      <subfield code="i">Geburtsort</subfield>
    </datafield>
    <datafield tag="551" ind1=" " ind2=" ">
      <subfield code="0">(DE-101)040945898</subfield>
      <subfield code="0">(DE-588)4094589-3</subfield>
      <subfield code="0">https://d-nb.info/gnd/4094589-3</subfield>
      <subfield code="a">Hamadan</subfield>
      <subfield code="4">orts</subfield>
      <subfield code="4">https://d-nb.info/standards/elementset/gnd#placeOfDeath</subfield>
      <subfield code="w">r</subfield>
      <subfield code="i">Sterbeort</subfield>
    </datafield>
    <datafield tag="667" ind1=" " ind2=" ">
      <subfield code="a">12-PMA</subfield>
    </datafield>
    <datafield tag="667" ind1=" " ind2=" ">
      <subfield code="a">7</subfield>
    </datafield>
    <datafield tag="667" ind1=" " ind2=" ">
      <subfield code="a">12</subfield>
    </datafield>
    <datafield tag="667" ind1=" " ind2=" ">
      <subfield code="a">VD-16</subfield>
    </datafield>
    <datafield tag="667" ind1=" " ind2=" ">
      <subfield code="a">VD-17</subfield>
    </datafield>
    <datafield tag="667" ind1=" " ind2=" ">
      <subfield code="a">Beisp. in RAK-ISL § 17 (Traditionelle Namen: Nichtarabische Namensformen); Red. SSG</subfield>
    </datafield>
    <datafield tag="667" ind1=" " ind2=" ">
      <subfield code="a">Quelle: LCAuth / DNB-Normdaten/KIDS (Info. DNB: Lebensdaten: 980-1037 ; Beruf(e): Philosoph, Arzt ; Land: Iran, Arabische Staaten, Araber ; Weitere Angaben: Pers. Philosoph und Arzt, schrieb in Arabisch)</subfield>
    </datafield>
    <datafield tag="670" ind1=" " ind2=" ">
      <subfield code="a">LCAuth</subfield>
      <subfield code="u">http://id.loc.gov/authorities/names/n80002386</subfield>
    </datafield>
    <datafield tag="670" ind1=" " ind2=" ">
      <subfield code="a">Brockelmann, G I 452 ff., S I 812 ff.</subfield>
    </datafield>
    <datafield tag="670" ind1=" " ind2=" ">
      <subfield code="a">Sezgin, insbesondere VI 276 ff.</subfield>
    </datafield>
    <datafield tag="670" ind1=" " ind2=" ">
      <subfield code="a">az-Ziriklī, "al-Aʿlām" (Bairūt, Dār al-ʿilm li-l-malāyīn, aṭ-ṭabʿa al-ḫāmisat ʿašra, aiyār/māyū 2002), II 241 f.</subfield>
    </datafield>
    <datafield tag="670" ind1=" " ind2=" ">
      <subfield code="a">Enc. Islam</subfield>
    </datafield>
    <datafield tag="670" ind1=" " ind2=" ">
      <subfield code="a">Kaḥḥāla, "Muʿǧam al-muʾallifīn" (Bairūt, Muʾassasat ar-risāla, [aṭ-ṭabʿa al-ūlā, 1414 h. - 1993 m.]), I 618 ff. (Nr. 4668)</subfield>
    </datafield>
    <datafield tag="670" ind1=" " ind2=" ">
      <subfield code="a">Kindler online</subfield>
    </datafield>
    <datafield tag="670" ind1=" " ind2=" ">
      <subfield code="a">Meisami, Julie Scott; Starkey, Paul (Hg.): Encyclopedia of Arabic literature (1998)</subfield>
    </datafield>
    <datafield tag="670" ind1=" " ind2=" ">
      <subfield code="a">EIr, unter "Avicenna"</subfield>
      <subfield code="u">http://www.iranicaonline.org/articles/avicenna-index</subfield>
    </datafield>
    <datafield tag="670" ind1=" " ind2=" ">
      <subfield code="a">Luġatnāma-i Dihḫudā</subfield>
    </datafield>
    <datafield tag="670" ind1=" " ind2=" ">
      <subfield code="a">Muʿīn, "Farhang-i fārsī (mutawassiṭ)"</subfield>
    </datafield>
    <datafield tag="670" ind1=" " ind2=" ">
      <subfield code="a">Rypka, "History of Iranian literature", insbesondere Seite 150</subfield>
    </datafield>
    <datafield tag="670" ind1=" " ind2=" ">
      <subfield code="a">Sāzmān-i Asnād wa Kitābḫāna-i Millī-i Ǧumhūrī-i Islāmī-i Īrān</subfield>
    </datafield>
    <datafield tag="670" ind1=" " ind2=" ">
      <subfield code="a">REP</subfield>
    </datafield>
    <datafield tag="670" ind1=" " ind2=" ">
      <subfield code="a">PMA 1 (1, 70)</subfield>
    </datafield>
    <datafield tag="670" ind1=" " ind2=" ">
      <subfield code="a">M</subfield>
    </datafield>
    <datafield tag="670" ind1=" " ind2=" ">
      <subfield code="a">Rep.Font. VI,208-214</subfield>
    </datafield>
    <datafield tag="670" ind1=" " ind2=" ">
      <subfield code="a">CSGL</subfield>
    </datafield>
    <datafield tag="670" ind1=" " ind2=" ">
      <subfield code="a">LMA,I,1298/1300</subfield>
    </datafield>
    <datafield tag="670" ind1=" " ind2=" ">
      <subfield code="a">Wikipedia</subfield>
    </datafield>
    <datafield tag="670" ind1=" " ind2=" ">
      <subfield code="a">GND</subfield>
    </datafield>
    <datafield tag="672" ind1=" " ind2="0">
      <subfield code="a">Ḥusain ibn 'Abd Allāh, Abū 'Alī: ARTIS CHEMICAE PRINCIPES, AVICENNA ATQVE GEBER, ... QVORVM ALTER NVNQVAM hactenus in ... 1572. (VD16 H 6181)</subfield>
    </datafield>
    <datafield tag="672" ind1=" " ind2="0">
      <subfield code="a">Ḥusain ibn 'Abd Allāh, Abū 'Alī: Auicennae ARABIS MEDICORVM OB SVCCINCTAM breuitatis copiã, fecile principis Quarta ... 1531. (VD16 H 6185)</subfield>
    </datafield>
    <datafield tag="672" ind1=" " ind2="0">
      <subfield code="a">Ḥusain ibn 'Abd Allāh, Abū 'Alī: AVICENNAE ARABIS INTER OMNES MEdicos cũ ex stem̃ate, tum ob succinctã breuitatis copiã, ... 1532. (VD16 H 6186)</subfield>
    </datafield>
    <datafield tag="672" ind1=" " ind2="0">
      <subfield code="a">Ḥusain ibn 'Abd Allāh, Abū 'Alī: AVICENNAE MEDIcorum Arabum principis, Liber Canonis, DE MEDICINIS CORDIALIBVS,(Translatus ... 1556. (VD16 H 6184)</subfield>
    </datafield>
    <datafield tag="672" ind1=" " ind2="0">
      <subfield code="a">Ḥusain ibn 'Abd Allāh, Abū 'Alī: CANTICA AVICENNAE IN VSVM SCHOLAE VVITEBERGENSIS seorsim edita.[v.(Ioannes Herman ... 1562. (VD16 H 6183)</subfield>
    </datafield>
    <datafield tag="678" ind1=" " ind2=" ">
      <subfield code="b">Als Philosoph und Arzt berühmter persischer Universalgelehrter (Physiker, Jurist, Mathematiker, Astronom, Alchemist, islamischer Theologe, Naturhistoriker...), auch Dichter; geboren im Dorfe Afšana bei Buḫārā (heutiges Usbekistan); seine Muttersprache war Persisch; lebte nach vielen Ortswechseln bis kurz vor seinem Lebensende 14 Jahre lang in Iṣfahān; hatte verschiedene Positionen als Hofarzt und Verwalter inne; schrieb überwiegend auf Arabisch, teilweise auf Persisch; verfasste u.a. "(Kitāb) aš-Šifāʾ", "al-Qānūn fi 'ṭ-ṭibb", "(Kitāb) an-Naǧāh", "(Kitāb) al-Išārāt wa-'t-tanbīhāt", "Maqāla fi 'n-nafs", "al-Mabdaʾ wa-'l-maʿād"; zu den wenigen erhaltenen persischen Werken zählen "Andar dāniš-i rag" = "Risāla-i nabḍ" und "Dānišnāma(-i ʿalāʾī)"</subfield>
    </datafield>
    <datafield tag="700" ind1="1" ind2="4">
      <subfield code="9">U:Arab</subfield>
      <subfield code="a">ابن سينا, أبو علي الحسين بن عبد الله</subfield>
      <subfield code="d">980-1037</subfield>
      <subfield code="5">DE-25-29</subfield>
      <subfield code="9">v:Original</subfield>
    </datafield>
    <datafield tag="700" ind1="1" ind2="4">
      <subfield code="9">U:Arab</subfield>
      <subfield code="9">L:per</subfield>
      <subfield code="a">ابن سینا, ابو علی حسین بن عبد الله</subfield>
      <subfield code="d">980-1037</subfield>
    </datafield>
    <datafield tag="700" ind1="0" ind2="4">
      <subfield code="9">U:Hebr</subfield>
      <subfield code="a">אביסנה</subfield>
      <subfield code="d">980-1037</subfield>
    </datafield>
    <datafield tag="700" ind1="0" ind2="4">
      <subfield code="9">U:Arab</subfield>
      <subfield code="9">L:uig</subfield>
      <subfield code="a">ئەبۇ ئەلى ئىبن سىنا</subfield>
      <subfield code="d">980-1037</subfield>
    </datafield>
    <datafield tag="700" ind1="0" ind2="4">
      <subfield code="9">U:Hans</subfield>
      <subfield code="a">埃布艾里 阿维森纳</subfield>
      <subfield code="d">980-1037</subfield>
    </datafield>
    <datafield tag="913" ind1=" " ind2=" ">
      <subfield code="S">pnd</subfield>
      <subfield code="i">5</subfield>
      <subfield code="a">Avicenna</subfield>
      <subfield code="0">(DE-588a)118505254</subfield>
    </datafield>
  </record>
